@article{cite-cmc2004-274,
	Author = {John W. Coffey and Thomas C. Eskridge and Daniel P. Sanchez},
	Date-Added = {2008-09-26 11:33:46 -0500},
	Date-Modified = {2008-09-26 11:41:02 -0500},
	Journal = {First International Conference on Concept Mapping },
	Title = {A Case Study in Knowledge Elicitation for Institutional Memory Preservation using Concept Maps},
	Year = {2004}}

@misc{cite-ka,
	Author = {Nick Milton},
	Date-Added = {2008-09-26 11:29:42 -0500},
	Date-Modified = {2008-09-26 11:30:49 -0500},
	Howpublished = {Website},
	Month = {November},
	Note = {{\url{http://www.epistemics.co.uk/Notes/63-0-0.htm}}},
	Title = {Knowledge Acquisition},
	Year = {2003}}

