@misc{opencascade_ref,
	Author = {OpenCASCADE},
	Date-Modified = {2010-02-16 10:07:10 +0100},
	Howpublished = {\url{http://www.opencascade.org}},
	Title = {{\myttt{OpenCASCADE}} Technology, 3D modeling \& numerical simulation},
	Year = {2010}}


